<?xml version="1.0" encoding="UTF-8"?><record xmlns="http://www.loc.gov/MARC21/slim" xmlns:cinclude="http://apache.org/cocoon/include/1.0" xmlns:zs="http://www.loc.gov/zing/srw/">
  <leader>01069cz  a2200241n  4500</leader>
  <controlfield tag="001">n  92003951 </controlfield>
  <controlfield tag="003">DLC</controlfield>
  <controlfield tag="005">20130719041622.0</controlfield>
  <controlfield tag="008">920114n| azannaabn          |a aaa      </controlfield>
  <datafield tag="010" ind1=" " ind2=" ">
    <subfield code="a">n  92003951 </subfield>
  </datafield>
  <datafield tag="035" ind1=" " ind2=" ">
    <subfield code="a">(OCoLC)oca03090175</subfield>
  </datafield>
  <datafield tag="040" ind1=" " ind2=" ">
    <subfield code="a">DLC</subfield>
    <subfield code="b">eng</subfield>
    <subfield code="c">DLC</subfield>
    <subfield code="e">rda</subfield>
    <subfield code="d">DLC</subfield>
    <subfield code="d">MiU</subfield>
    <subfield code="d">OCoLC</subfield>
    <subfield code="d">IEN</subfield>
    <subfield code="d">DLC</subfield>
  </datafield>
  <datafield tag="046" ind1=" " ind2=" ">
    <subfield code="f">19150910</subfield>
    <subfield code="g">19960103</subfield>
  </datafield>
  <datafield tag="100" ind1="1" ind2=" ">
    <subfield code="a">Nana, Shireen,</subfield>
    <subfield code="d">1915-1996</subfield>
  </datafield>
  <datafield tag="375" ind1=" " ind2=" ">
    <subfield code="a">female</subfield>
  </datafield>
  <datafield tag="377" ind1=" " ind2=" ">
    <subfield code="a">eng</subfield>
  </datafield>
  <datafield tag="400" ind1="1" ind2=" ">
    <subfield code="a">Mirza, Shireen,</subfield>
    <subfield code="d">1915-1996</subfield>
  </datafield>
  <datafield tag="400" ind1="1" ind2=" ">
    <subfield code="a">Nana Mirza, Shireen,</subfield>
    <subfield code="d">1915-1996</subfield>
  </datafield>
  <datafield tag="400" ind1="1" ind2=" ">
    <subfield code="a">Mirza, Shireen Feroz Nee,</subfield>
    <subfield code="d">1915-1996</subfield>
  </datafield>
  <datafield tag="400" ind1="1" ind2=" ">
    <subfield code="a">Mirza, Shireen Feroz Nana Nee,</subfield>
    <subfield code="d">1915-1996</subfield>
  </datafield>
  <datafield tag="670" ind1=" " ind2=" ">
    <subfield code="a">Her Sindhi embroideries and blocks, 1990:</subfield>
    <subfield code="b">t.p. (Shireen Nana née Mirza) p.7 (daughter of Mirza Nadir Beg)</subfield>
  </datafield>
  <datafield tag="670" ind1=" " ind2=" ">
    <subfield code="a">Her Letters-to-Emily, 1996:</subfield>
    <subfield code="b">t.p. (Shireen Nana neé Mirza) frontispiece (Shireen Nana) jacket (married to Feroze Nana) cover p. 4 (b. 9/10/1915)</subfield>
  </datafield>
  <datafield tag="670" ind1=" " ind2=" ">
    <subfield code="a">Ḍāṛhiyārī jabalu jo seru, 2012:</subfield>
    <subfield code="b">added t.p. (p. 2 of cover (Shireen Feroz Nana Nee Mirza) added t.p. verso (Shireen Feroz Nee Mirza) died on January 3, 1996)</subfield>
  </datafield>
</record>